@book{GitHub,
  title={GitHub},
  note = {\url{https://github.com/kris701/P8/tree/main/P8/DataConverters/ShapeletHistogramConverter/FeatureExtraction}}
}

@book{Shapelets,
  title={Time Series Shapelets: A New Primitive for Data Mining},
  author={Lexiang Ye \& Eamonn Keogh},
  note = {\url{https://www.cs.ucr.edu/~eamonn/shaplet.pdf}}
}

@article{BOSS,
author = {Sch√§fer, Patrick},
year = {2015},
month = {11},
pages = {},
title = {The BOSS is concerned with time series classification in the presence of noise},
volume = {29},
journal = {Data Mining and Knowledge Discovery},
doi = {10.1007/s10618-014-0377-7},
  note = {\url{https://www.researchgate.net/publication/282271002_The_BOSS_is_concerned_with_time_series_classification_in_the_presence_of_noise}}
}
